@ARTICLE{stereo:zitKan,
  AUTHOR =       "L. Zitnick and T. Kanade",
  TITLE =        "A Cooperative Algorithm for Stereo Matching and Occlusion Detection",
  PUBLISHER =    "The Robotics Institute, Carnegie Mellon University",
  YEAR =         "1999",
  address =      "Pittsburgh, Pennsylvania",
}

@ARTICLE{stereo:nalGast,
  AUTHOR =       "L. Nalpantidis and A. Gasteratos",
  TITLE =        "Stereo vision for robotic applications in the presence of non-ideal lighting conditions",
  PUBLISHER =    "Image and Vision Computing",
  number = 		 {28},
  YEAR =         "2009",
  month = 		 "Nov",
  address =      "",
}

